<record><leader>00000cas a2200000 a 4500</leader><controlfield tag="001">10549832</controlfield><controlfield tag="008">840322d18751986iluwr ne      0   a0eng c</controlfield><datafield ind1=" " ind2=" " tag="010"><subfield code="a">sn 84024134 </subfield></datafield><datafield ind1=" " ind2=" " tag="040"><subfield code="a">NPV</subfield><subfield code="b">eng</subfield><subfield code="c">NPV</subfield><subfield code="d">NSD</subfield><subfield code="d">NVF</subfield><subfield code="d">OCLCQ</subfield><subfield code="d">CVF</subfield><subfield code="d">NVF</subfield><subfield code="d">OCLCQ</subfield><subfield code="d">OCLCF</subfield><subfield code="d">OCLCO</subfield><subfield code="d">NVF</subfield></datafield><datafield ind1=" " ind2=" " tag="042"><subfield code="a">pcc</subfield></datafield><datafield ind1=" " ind2=" " tag="043"><subfield code="a">n-us-il</subfield></datafield><datafield ind1="0" ind2="4" tag="245"><subfield code="a">The Rockton herald.</subfield></datafield><datafield ind1=" " ind2=" " tag="260"><subfield code="a">Rockton, Winnebago County, Ill. :</subfield><subfield code="b">W.D. Mathews</subfield></datafield><datafield ind1=" " ind2=" " tag="300"><subfield code="a">volumes</subfield></datafield><datafield ind1=" " ind2=" " tag="310"><subfield code="a">Weekly</subfield></datafield><datafield ind1="1" ind2=" " tag="362"><subfield code="a">Began in 1875?</subfield></datafield><datafield ind1="0" ind2=" " tag="362"><subfield code="a">-v. 112, no. 43 (Jan. 1, 1986).</subfield></datafield><datafield ind1=" " ind2=" " tag="515"><subfield code="a">Issues for &lt;Apr. 27, 1877&gt;-Feb. 8, 1900 called also &lt;whole no. 122&gt;-1269; issues for &lt;June 30, 1966&gt;-Jan. 1, 1986 called also &lt;whole no. 4578&gt;-5804.</subfield></datafield><datafield ind1=" " ind2=" " tag="588"><subfield code="a">Description based on: Vol. 2, no. 27 (June 30, 1876).</subfield></datafield><datafield ind1=" " ind2="0" tag="651"><subfield code="a">Rockton (Ill.)</subfield><subfield code="v">Newspapers.</subfield></datafield><datafield ind1=" " ind2="7" tag="651"><subfield code="a">Illinois</subfield><subfield code="z">Rockton.</subfield><subfield code="2">fast</subfield><subfield code="0">(OCoLC)fst01258814</subfield></datafield><datafield ind1=" " ind2="7" tag="655"><subfield code="a">Newspapers.</subfield><subfield code="2">fast</subfield><subfield code="0">(OCoLC)fst01423814</subfield></datafield><datafield ind1=" " ind2=" " tag="752"><subfield code="a">United States</subfield><subfield code="b">Illinois</subfield><subfield code="c">Winnebago County</subfield><subfield code="d">Rockton.</subfield></datafield><datafield ind1="0" ind2="0" tag="785"><subfield code="t">Rockton-Roscoe herald</subfield><subfield code="x">0894-7465</subfield><subfield code="w">(DLC)sn 87001992</subfield><subfield code="w">(OCoLC)16207721</subfield></datafield><datafield ind1="1" ind2=" " tag="029"><subfield code="a">AU@</subfield><subfield code="b">000028674366</subfield></datafield></record>